%YAML 1.1
%TAG !u! tag:unity3d.com,2011:
--- !u!29 &1
OcclusionCullingSettings:
  m_ObjectHideFlags: 0
  serializedVersion: 2
  m_OcclusionBakeSettings:
    smallestOccluder: 5
    smallestHole: 0.25
    backfaceThreshold: 100
  m_SceneGUID: 00000000000000000000000000000000
  m_OcclusionCullingData: {fileID: 0}
--- !u!104 &2
RenderSettings:
  m_ObjectHideFlags: 0
  serializedVersion: 9
  m_Fog: 0
  m_FogColor: {r: 0.5, g: 0.5, b: 0.5, a: 1}
  m_FogMode: 3
  m_FogDensity: 0.01
  m_LinearFogStart: 0
  m_LinearFogEnd: 300
  m_AmbientSkyColor: {r: 0.212, g: 0.227, b: 0.259, a: 1}
  m_AmbientEquatorColor: {r: 0.114, g: 0.125, b: 0.133, a: 1}
  m_AmbientGroundColor: {r: 0.047, g: 0.043, b: 0.035, a: 1}
  m_AmbientIntensity: 1
  m_AmbientMode: 0
  m_SubtractiveShadowColor: {r: 0.42, g: 0.478, b: 0.627, a: 1}
  m_SkyboxMaterial: {fileID: 10304, guid: 0000000000000000f000000000000000, type: 0}
  m_HaloStrength: 0.5
  m_FlareStrength: 1
  m_FlareFadeSpeed: 3
  m_HaloTexture: {fileID: 0}
  m_SpotCookie: {fileID: 10001, guid: 0000000000000000e000000000000000, type: 0}
  m_DefaultReflectionMode: 0
  m_DefaultReflectionResolution: 128
  m_ReflectionBounces: 1
  m_ReflectionIntensity: 1
  m_CustomReflection: {fileID: 0}
  m_Sun: {fileID: 0}
  m_IndirectSpecularColor: {r: 0.18028378, g: 0.22571412, b: 0.30692285, a: 1}
  m_UseRadianceAmbientProbe: 0
--- !u!157 &3
LightmapSettings:
  m_ObjectHideFlags: 0
  serializedVersion: 12
  m_GIWorkflowMode: 1
  m_GISettings:
    serializedVersion: 2
    m_BounceScale: 1
    m_IndirectOutputScale: 1
    m_AlbedoBoost: 1
    m_EnvironmentLightingMode: 0
    m_EnableBakedLightmaps: 1
    m_EnableRealtimeLightmaps: 0
  m_LightmapEditorSettings:
    serializedVersion: 12
    m_Resolution: 2
    m_BakeResolution: 40
    m_AtlasSize: 1024
    m_AO: 0
    m_AOMaxDistance: 1
    m_CompAOExponent: 1
    m_CompAOExponentDirect: 0
    m_ExtractAmbientOcclusion: 0
    m_Padding: 2
    m_LightmapParameters: {fileID: 0}
    m_LightmapsBakeMode: 1
    m_TextureCompression: 1
    m_FinalGather: 0
    m_FinalGatherFiltering: 1
    m_FinalGatherRayCount: 256
    m_ReflectionCompression: 2
    m_MixedBakeMode: 2
    m_BakeBackend: 1
    m_PVRSampling: 1
    m_PVRDirectSampleCount: 32
    m_PVRSampleCount: 512
    m_PVRBounces: 2
    m_PVREnvironmentSampleCount: 256
    m_PVREnvironmentReferencePointCount: 2048
    m_PVRFilteringMode: 1
    m_PVRDenoiserTypeDirect: 1
    m_PVRDenoiserTypeIndirect: 1
    m_PVRDenoiserTypeAO: 1
    m_PVRFilterTypeDirect: 0
    m_PVRFilterTypeIndirect: 0
    m_PVRFilterTypeAO: 0
    m_PVREnvironmentMIS: 1
    m_PVRCulling: 1
    m_PVRFilteringGaussRadiusDirect: 1
    m_PVRFilteringGaussRadiusIndirect: 5
    m_PVRFilteringGaussRadiusAO: 2
    m_PVRFilteringAtrousPositionSigmaDirect: 0.5
    m_PVRFilteringAtrousPositionSigmaIndirect: 2
    m_PVRFilteringAtrousPositionSigmaAO: 1
    m_ExportTrainingData: 0
    m_TrainingDataDestination: TrainingData
    m_LightProbeSampleCountMultiplier: 4
  m_LightingDataAsset: {fileID: 0}
  m_LightingSettings: {fileID: 0}
--- !u!196 &4
NavMeshSettings:
  serializedVersion: 2
  m_ObjectHideFlags: 0
  m_BuildSettings:
    serializedVersion: 3
    agentTypeID: 0
    agentRadius: 0.5
    agentHeight: 2
    agentSlope: 45
    agentClimb: 0.4
    ledgeDropHeight: 0
    maxJumpAcrossDistance: 0
    minRegionArea: 2
    manualCellSize: 0
    cellSize: 0.16666667
    manualTileSize: 0
    tileSize: 256
    buildHeightMesh: 0
    maxJobWorkers: 0
    preserveTilesOutsideBounds: 0
    debug:
      m_Flags: 0
  m_NavMeshData: {fileID: 0}
--- !u!1 &16812446 stripped
GameObject:
  m_CorrespondingSourceObject: {fileID: 5305215373276590625, guid: 920f507bb741aea418ec48fbf7ce6169, type: 3}
  m_PrefabInstance: {fileID: 2314196808676301327}
  m_PrefabAsset: {fileID: 0}
--- !u!4 &16812447 stripped
Transform:
  m_CorrespondingSourceObject: {fileID: 2136789637435932614, guid: 920f507bb741aea418ec48fbf7ce6169, type: 3}
  m_PrefabInstance: {fileID: 2314196808676301327}
  m_PrefabAsset: {fileID: 0}
--- !u!1001 &133473258
PrefabInstance:
  m_ObjectHideFlags: 0
  serializedVersion: 2
  m_Modification:
    serializedVersion: 3
    m_TransformParent: {fileID: 1844023524}
    m_Modifications:
    - target: {fileID: 2859147190071815658, guid: bf018bf093319f840a7314cb25167d8c, type: 3}
      propertyPath: m_AnchorMax.y
      value: 0
      objectReference: {fileID: 0}
    - target: {fileID: 2859147190071815658, guid: bf018bf093319f840a7314cb25167d8c, type: 3}
      propertyPath: m_AnchorMin.y
      value: 0
      objectReference: {fileID: 0}
    - target: {fileID: 2859147190071815658, guid: bf018bf093319f840a7314cb25167d8c, type: 3}
      propertyPath: m_SizeDelta.x
      value: 0
      objectReference: {fileID: 0}
    - target: {fileID: 2859147190071815658, guid: bf018bf093319f840a7314cb25167d8c, type: 3}
      propertyPath: m_SizeDelta.y
      value: 0
      objectReference: {fileID: 0}
    - target: {fileID: 2859147190071815658, guid: bf018bf093319f840a7314cb25167d8c, type: 3}
      propertyPath: m_AnchoredPosition.x
      value: 0
      objectReference: {fileID: 0}
    - target: {fileID: 2859147190071815658, guid: bf018bf093319f840a7314cb25167d8c, type: 3}
      propertyPath: m_AnchoredPosition.y
      value: 0
      objectReference: {fileID: 0}
    - target: {fileID: 2859147190224430599, guid: bf018bf093319f840a7314cb25167d8c, type: 3}
      propertyPath: m_AnchorMax.y
      value: 1
      objectReference: {fileID: 0}
    - target: {fileID: 2859147190224430599, guid: bf018bf093319f840a7314cb25167d8c, type: 3}
      propertyPath: m_AnchorMin.y
      value: 1
      objectReference: {fileID: 0}
    - target: {fileID: 2859147190224430599, guid: bf018bf093319f840a7314cb25167d8c, type: 3}
      propertyPath: m_SizeDelta.x
      value: 368
      objectReference: {fileID: 0}
    - target: {fileID: 2859147190224430599, guid: bf018bf093319f840a7314cb25167d8c, type: 3}
      propertyPath: m_SizeDelta.y
      value: 205
      objectReference: {fileID: 0}
    - target: {fileID: 2859147190224430599, guid: bf018bf093319f840a7314cb25167d8c, type: 3}
      propertyPath: m_AnchoredPosition.x
      value: 184
      objectReference: {fileID: 0}
    - target: {fileID: 2859147190224430599, guid: bf018bf093319f840a7314cb25167d8c, type: 3}
      propertyPath: m_AnchoredPosition.y
      value: -102.5
      objectReference: {fileID: 0}
    - target: {fileID: 2859147190401906338, guid: bf018bf093319f840a7314cb25167d8c, type: 3}
      propertyPath: m_text
      value: 'Here you can experience what it''s like to interact with different
        virtual buttons.

        With "touch limiting", your finger is prevented
        from accidentally going through the surface, which makes the experience of
        touch noticeably more satisfying.

'
      objectReference: {fileID: 0}
    - target: {fileID: 2859147190401906339, guid: bf018bf093319f840a7314cb25167d8c, type: 3}
      propertyPath: m_AnchorMax.y
      value: 0
      objectReference: {fileID: 0}
    - target: {fileID: 2859147190401906339, guid: bf018bf093319f840a7314cb25167d8c, type: 3}
      propertyPath: m_AnchorMin.y
      value: 0
      objectReference: {fileID: 0}
    - target: {fileID: 2859147190401906339, guid: bf018bf093319f840a7314cb25167d8c, type: 3}
      propertyPath: m_SizeDelta.x
      value: 0
      objectReference: {fileID: 0}
    - target: {fileID: 2859147190401906339, guid: bf018bf093319f840a7314cb25167d8c, type: 3}
      propertyPath: m_SizeDelta.y
      value: 0
      objectReference: {fileID: 0}
    - target: {fileID: 2859147190401906339, guid: bf018bf093319f840a7314cb25167d8c, type: 3}
      propertyPath: m_AnchoredPosition.x
      value: 0
      objectReference: {fileID: 0}
    - target: {fileID: 2859147190401906339, guid: bf018bf093319f840a7314cb25167d8c, type: 3}
      propertyPath: m_AnchoredPosition.y
      value: 0
      objectReference: {fileID: 0}
    - target: {fileID: 2859147190566827361, guid: bf018bf093319f840a7314cb25167d8c, type: 3}
      propertyPath: m_Pivot.x
      value: 0.5
      objectReference: {fileID: 0}
    - target: {fileID: 2859147190566827361, guid: bf018bf093319f840a7314cb25167d8c, type: 3}
      propertyPath: m_Pivot.y
      value: 0
      objectReference: {fileID: 0}
    - target: {fileID: 2859147190566827361, guid: bf018bf093319f840a7314cb25167d8c, type: 3}
      propertyPath: m_RootOrder
      value: 2
      objectReference: {fileID: 0}
    - target: {fileID: 2859147190566827361, guid: bf018bf093319f840a7314cb25167d8c, type: 3}
      propertyPath: m_AnchorMax.x
      value: 0
      objectReference: {fileID: 0}
    - target: {fileID: 2859147190566827361, guid: bf018bf093319f840a7314cb25167d8c, type: 3}
      propertyPath: m_AnchorMax.y
      value: 0
      objectReference: {fileID: 0}
    - target: {fileID: 2859147190566827361, guid: bf018bf093319f840a7314cb25167d8c, type: 3}
      propertyPath: m_AnchorMin.x
      value: 0
      objectReference: {fileID: 0}
    - target: {fileID: 2859147190566827361, guid: bf018bf093319f840a7314cb25167d8c, type: 3}
      propertyPath: m_AnchorMin.y
      value: 0
      objectReference: {fileID: 0}
    - target: {fileID: 2859147190566827361, guid: bf018bf093319f840a7314cb25167d8c, type: 3}
      propertyPath: m_SizeDelta.x
      value: 368
      objectReference: {fileID: 0}
    - target: {fileID: 2859147190566827361, guid: bf018bf093319f840a7314cb25167d8c, type: 3}
      propertyPath: m_SizeDelta.y
      value: 0
      objectReference: {fileID: 0}
    - target: {fileID: 2859147190566827361, guid: bf018bf093319f840a7314cb25167d8c, type: 3}
      propertyPath: m_LocalScale.x
      value: 0.0007
      objectReference: {fileID: 0}
    - target: {fileID: 2859147190566827361, guid: bf018bf093319f840a7314cb25167d8c, type: 3}
      propertyPath: m_LocalScale.y
      value: 0.00070000003
      objectReference: {fileID: 0}
    - target: {fileID: 2859147190566827361, guid: bf018bf093319f840a7314cb25167d8c, type: 3}
      propertyPath: m_LocalScale.z
      value: 0.0007
      objectReference: {fileID: 0}
    - target: {fileID: 2859147190566827361, guid: bf018bf093319f840a7314cb25167d8c, type: 3}
      propertyPath: m_LocalPosition.x
      value: 0
      objectReference: {fileID: 0}
    - target: {fileID: 2859147190566827361, guid: bf018bf093319f840a7314cb25167d8c, type: 3}
      propertyPath: m_LocalPosition.y
      value: 0
      objectReference: {fileID: 0}
    - target: {fileID: 2859147190566827361, guid: bf018bf093319f840a7314cb25167d8c, type: 3}
      propertyPath: m_LocalPosition.z
      value: -0.0206
      objectReference: {fileID: 0}
    - target: {fileID: 2859147190566827361, guid: bf018bf093319f840a7314cb25167d8c, type: 3}
      propertyPath: m_LocalRotation.w
      value: 0.98758304
      objectReference: {fileID: 0}
    - target: {fileID: 2859147190566827361, guid: bf018bf093319f840a7314cb25167d8c, type: 3}
      propertyPath: m_LocalRotation.x
      value: 0.15641798
      objectReference: {fileID: 0}
    - target: {fileID: 2859147190566827361, guid: bf018bf093319f840a7314cb25167d8c, type: 3}
      propertyPath: m_LocalRotation.y
      value: 0.01441926
      objectReference: {fileID: 0}
    - target: {fileID: 2859147190566827361, guid: bf018bf093319f840a7314cb25167d8c, type: 3}
      propertyPath: m_LocalRotation.z
      value: -0.0022837953
      objectReference: {fileID: 0}
    - target: {fileID: 2859147190566827361, guid: bf018bf093319f840a7314cb25167d8c, type: 3}
      propertyPath: m_AnchoredPosition.x
      value: 0.011
      objectReference: {fileID: 0}
    - target: {fileID: 2859147190566827361, guid: bf018bf093319f840a7314cb25167d8c, type: 3}
      propertyPath: m_AnchoredPosition.y
      value: -0.038
      objectReference: {fileID: 0}
    - target: {fileID: 2859147190566827361, guid: bf018bf093319f840a7314cb25167d8c, type: 3}
      propertyPath: m_LocalEulerAnglesHint.x
      value: 18
      objectReference: {fileID: 0}
    - target: {fileID: 2859147190566827361, guid: bf018bf093319f840a7314cb25167d8c, type: 3}
      propertyPath: m_LocalEulerAnglesHint.y
      value: 1.673
      objectReference: {fileID: 0}
    - target: {fileID: 2859147190566827361, guid: bf018bf093319f840a7314cb25167d8c, type: 3}
      propertyPath: m_LocalEulerAnglesHint.z
      value: 0
      objectReference: {fileID: 0}
    - target: {fileID: 2859147190566827362, guid: bf018bf093319f840a7314cb25167d8c, type: 3}
      propertyPath: m_Name
      value: Dialog (1)
      objectReference: {fileID: 0}
    - target: {fileID: 2859147191025677217, guid: bf018bf093319f840a7314cb25167d8c, type: 3}
      propertyPath: m_VideoClip
      value: 
      objectReference: {fileID: 32900000, guid: 17b4a7a6ecf9f014d883a8d6ed71b5fa, type: 3}
    - target: {fileID: 2859147191025677217, guid: bf018bf093319f840a7314cb25167d8c, type: 3}
      propertyPath: m_ControlledAudioTrackCount
      value: 1
      objectReference: {fileID: 0}
    - target: {fileID: 2859147191025677217, guid: bf018bf093319f840a7314cb25167d8c, type: 3}
      propertyPath: m_DirectAudioMutes.Array.size
      value: 1
      objectReference: {fileID: 0}
    - target: {fileID: 2859147191025677217, guid: bf018bf093319f840a7314cb25167d8c, type: 3}
      propertyPath: m_DirectAudioVolumes.Array.size
      value: 1
      objectReference: {fileID: 0}
    - target: {fileID: 2859147191025677217, guid: bf018bf093319f840a7314cb25167d8c, type: 3}
      propertyPath: m_EnabledAudioTracks.Array.size
      value: 1
      objectReference: {fileID: 0}
    - target: {fileID: 2859147191025677217, guid: bf018bf093319f840a7314cb25167d8c, type: 3}
      propertyPath: m_TargetAudioSources.Array.size
      value: 1
      objectReference: {fileID: 0}
    - target: {fileID: 2859147191025677217, guid: bf018bf093319f840a7314cb25167d8c, type: 3}
      propertyPath: m_DirectAudioVolumes.Array.data[0]
      value: 1
      objectReference: {fileID: 0}
    - target: {fileID: 2859147191025677217, guid: bf018bf093319f840a7314cb25167d8c, type: 3}
      propertyPath: m_EnabledAudioTracks.Array.data[0]
      value: 1
      objectReference: {fileID: 0}
    - target: {fileID: 2859147191208444800, guid: bf018bf093319f840a7314cb25167d8c, type: 3}
      propertyPath: m_AnchorMax.y
      value: 1
      objectReference: {fileID: 0}
    - target: {fileID: 2859147191208444800, guid: bf018bf093319f840a7314cb25167d8c, type: 3}
      propertyPath: m_AnchorMin.y
      value: 1
      objectReference: {fileID: 0}
    - target: {fileID: 2859147191208444800, guid: bf018bf093319f840a7314cb25167d8c, type: 3}
      propertyPath: m_SizeDelta.x
      value: 308
      objectReference: {fileID: 0}
    - target: {fileID: 2859147191208444800, guid: bf018bf093319f840a7314cb25167d8c, type: 3}
      propertyPath: m_SizeDelta.y
      value: 32.81
      objectReference: {fileID: 0}
    - target: {fileID: 2859147191208444800, guid: bf018bf093319f840a7314cb25167d8c, type: 3}
      propertyPath: m_AnchoredPosition.x
      value: 184
      objectReference: {fileID: 0}
    - target: {fileID: 2859147191208444800, guid: bf018bf093319f840a7314cb25167d8c, type: 3}
      propertyPath: m_AnchoredPosition.y
      value: -46.405
      objectReference: {fileID: 0}
    - target: {fileID: 2859147191208444801, guid: bf018bf093319f840a7314cb25167d8c, type: 3}
      propertyPath: m_IsActive
      value: 0
      objectReference: {fileID: 0}
    - target: {fileID: 2859147191208444807, guid: bf018bf093319f840a7314cb25167d8c, type: 3}
      propertyPath: m_text
      value: Poke
      objectReference: {fileID: 0}
    - target: {fileID: 2859147191209390392, guid: bf018bf093319f840a7314cb25167d8c, type: 3}
      propertyPath: m_IsActive
      value: 0
      objectReference: {fileID: 0}
    - target: {fileID: 2859147191209390399, guid: bf018bf093319f840a7314cb25167d8c, type: 3}
      propertyPath: m_AnchorMax.y
      value: 1
      objectReference: {fileID: 0}
    - target: {fileID: 2859147191209390399, guid: bf018bf093319f840a7314cb25167d8c, type: 3}
      propertyPath: m_AnchorMin.y
      value: 1
      objectReference: {fileID: 0}
    - target: {fileID: 2859147191209390399, guid: bf018bf093319f840a7314cb25167d8c, type: 3}
      propertyPath: m_SizeDelta.x
      value: 368
      objectReference: {fileID: 0}
    - target: {fileID: 2859147191209390399, guid: bf018bf093319f840a7314cb25167d8c, type: 3}
      propertyPath: m_SizeDelta.y
      value: 205
      objectReference: {fileID: 0}
    - target: {fileID: 2859147191209390399, guid: bf018bf093319f840a7314cb25167d8c, type: 3}
      propertyPath: m_AnchoredPosition.x
      value: 184
      objectReference: {fileID: 0}
    - target: {fileID: 2859147191209390399, guid: bf018bf093319f840a7314cb25167d8c, type: 3}
      propertyPath: m_AnchoredPosition.y
      value: -102.5
      objectReference: {fileID: 0}
    m_RemovedComponents: []
    m_RemovedGameObjects: []
    m_AddedGameObjects: []
    m_AddedComponents: []
  m_SourcePrefab: {fileID: 100100000, guid: bf018bf093319f840a7314cb25167d8c, type: 3}
--- !u!224 &133473259 stripped
RectTransform:
  m_CorrespondingSourceObject: {fileID: 2859147190566827361, guid: bf018bf093319f840a7314cb25167d8c, type: 3}
  m_PrefabInstance: {fileID: 133473258}
  m_PrefabAsset: {fileID: 0}
--- !u!1 &266229818
GameObject:
  m_ObjectHideFlags: 0
  m_CorrespondingSourceObject: {fileID: 0}
  m_PrefabInstance: {fileID: 0}
  m_PrefabAsset: {fileID: 0}
  serializedVersion: 6
  m_Component:
  - component: {fileID: 266229820}
  - component: {fileID: 266229819}
  m_Layer: 0
  m_Name: MemoryController
  m_TagString: Untagged
  m_Icon: {fileID: 0}
  m_NavMeshLayer: 0
  m_StaticEditorFlags: 0
  m_IsActive: 1
--- !u!114 &266229819
MonoBehaviour:
  m_ObjectHideFlags: 0
  m_CorrespondingSourceObject: {fileID: 0}
  m_PrefabInstance: {fileID: 0}
  m_PrefabAsset: {fileID: 0}
  m_GameObject: {fileID: 266229818}
  m_Enabled: 1
  m_EditorHideFlags: 0
  m_Script: {fileID: 11500000, guid: 90b21bc5e1024e646b56958201b0bf35, type: 3}
  m_Name: 
  m_EditorClassIdentifier: 
  m_memoryObjs:
  - {fileID: 6242540502216784618, guid: 6fc9e49e1bb56e14bae6b36155ae5384, type: 3}
  - {fileID: 7623579368367249122, guid: 9c686a19b4ff6154eaf4212007d0ccf1, type: 3}
  - {fileID: 6730855722885658201, guid: 22f3612076cdc2944a6e4dff267c2335, type: 3}
  generateObj: 0
  m_righthand: {fileID: 16812446}
--- !u!4 &266229820
Transform:
  m_ObjectHideFlags: 0
  m_CorrespondingSourceObject: {fileID: 0}
  m_PrefabInstance: {fileID: 0}
  m_PrefabAsset: {fileID: 0}
  m_GameObject: {fileID: 266229818}
  serializedVersion: 2
  m_LocalRotation: {x: 0, y: 0, z: 0, w: 1}
  m_LocalPosition: {x: 0, y: 0, z: 0}
  m_LocalScale: {x: 1, y: 1, z: 1}
  m_ConstrainProportionsScale: 0
  m_Children: []
  m_Father: {fileID: 0}
  m_LocalEulerAnglesHint: {x: 0, y: 0, z: 0}
--- !u!114 &474560592 stripped
MonoBehaviour:
  m_CorrespondingSourceObject: {fileID: 5564392432319071430, guid: 920f507bb741aea418ec48fbf7ce6169, type: 3}
  m_PrefabInstance: {fileID: 2314196808676301327}
  m_PrefabAsset: {fileID: 0}
  m_GameObject: {fileID: 0}
  m_Enabled: 1
  m_EditorHideFlags: 0
  m_Script: {fileID: 11500000, guid: ae43f25c06eb2d9408a201216b4c3ed7, type: 3}
  m_Name: 
  m_EditorClassIdentifier: 
--- !u!1 &555526307
GameObject:
  m_ObjectHideFlags: 0
  m_CorrespondingSourceObject: {fileID: 0}
  m_PrefabInstance: {fileID: 0}
  m_PrefabAsset: {fileID: 0}
  serializedVersion: 6
  m_Component:
  - component: {fileID: 555526313}
  - component: {fileID: 555526312}
  - component: {fileID: 555526311}
  - component: {fileID: 555526310}
  - component: {fileID: 555526309}
  - component: {fileID: 555526308}
  m_Layer: 0
  m_Name: Cube (1)
  m_TagString: table
  m_Icon: {fileID: 0}
  m_NavMeshLayer: 0
  m_StaticEditorFlags: 0
  m_IsActive: 0
--- !u!114 &555526308
MonoBehaviour:
  m_ObjectHideFlags: 0
  m_CorrespondingSourceObject: {fileID: 0}
  m_PrefabInstance: {fileID: 0}
  m_PrefabAsset: {fileID: 0}
  m_GameObject: {fileID: 555526307}
  m_Enabled: 1
  m_EditorHideFlags: 0
  m_Script: {fileID: 11500000, guid: cd9f11e429d345946a070f8bd8e2c951, type: 3}
  m_Name: 
  m_EditorClassIdentifier: 
  dropdown: {fileID: 0}
  isRecording: 0
  index: 0
--- !u!114 &555526309
MonoBehaviour:
  m_ObjectHideFlags: 0
  m_CorrespondingSourceObject: {fileID: 0}
  m_PrefabInstance: {fileID: 0}
  m_PrefabAsset: {fileID: 0}
  m_GameObject: {fileID: 555526307}
  m_Enabled: 1
  m_EditorHideFlags: 0
  m_Script: {fileID: 11500000, guid: 520fcef3bc342594ca91837a5e8c69c3, type: 3}
  m_Name: 
  m_EditorClassIdentifier: 
  startColor: {r: 0, g: 1, b: 0, a: 1}
  stopColor: {r: 1, g: 0, b: 0, a: 1}
  targetRenderer: {fileID: 0}
  m_whisperScript: {fileID: 0}
--- !u!65 &555526310
BoxCollider:
  m_ObjectHideFlags: 0
  m_CorrespondingSourceObject: {fileID: 0}
  m_PrefabInstance: {fileID: 0}
  m_PrefabAsset: {fileID: 0}
  m_GameObject: {fileID: 555526307}
  m_Material: {fileID: 0}
  m_IncludeLayers:
    serializedVersion: 2
    m_Bits: 0
  m_ExcludeLayers:
    serializedVersion: 2
    m_Bits: 0
  m_LayerOverridePriority: 0
  m_IsTrigger: 0
  m_ProvidesContacts: 0
  m_Enabled: 1
  serializedVersion: 3
  m_Size: {x: 1, y: 1, z: 1}
  m_Center: {x: 0, y: 0, z: 0}
--- !u!23 &555526311
MeshRenderer:
  m_ObjectHideFlags: 0
  m_CorrespondingSourceObject: {fileID: 0}
  m_PrefabInstance: {fileID: 0}
  m_PrefabAsset: {fileID: 0}
  m_GameObject: {fileID: 555526307}
  m_Enabled: 1
  m_CastShadows: 1
  m_ReceiveShadows: 1
  m_DynamicOccludee: 1
  m_StaticShadowCaster: 0
  m_MotionVectors: 1
  m_LightProbeUsage: 1
  m_ReflectionProbeUsage: 1
  m_RayTracingMode: 2
  m_RayTraceProcedural: 0
  m_RenderingLayerMask: 1
  m_RendererPriority: 0
  m_Materials:
  - {fileID: 10303, guid: 0000000000000000f000000000000000, type: 0}
  m_StaticBatchInfo:
    firstSubMesh: 0
    subMeshCount: 0
  m_StaticBatchRoot: {fileID: 0}
  m_ProbeAnchor: {fileID: 0}
  m_LightProbeVolumeOverride: {fileID: 0}
  m_ScaleInLightmap: 1
  m_ReceiveGI: 1
  m_PreserveUVs: 0
  m_IgnoreNormalsForChartDetection: 0
  m_ImportantGI: 0
  m_StitchLightmapSeams: 1
  m_SelectedEditorRenderState: 3
  m_MinimumChartSize: 4
  m_AutoUVMaxDistance: 0.5
  m_AutoUVMaxAngle: 89
  m_LightmapParameters: {fileID: 0}
  m_SortingLayerID: 0
  m_SortingLayer: 0
  m_SortingOrder: 0
  m_AdditionalVertexStreams: {fileID: 0}
--- !u!33 &555526312
MeshFilter:
  m_ObjectHideFlags: 0
  m_CorrespondingSourceObject: {fileID: 0}
  m_PrefabInstance: {fileID: 0}
  m_PrefabAsset: {fileID: 0}
  m_GameObject: {fileID: 555526307}
  m_Mesh: {fileID: 10202, guid: 0000000000000000e000000000000000, type: 0}
--- !u!4 &555526313
Transform:
  m_ObjectHideFlags: 0
  m_CorrespondingSourceObject: {fileID: 0}
  m_PrefabInstance: {fileID: 0}
  m_PrefabAsset: {fileID: 0}
  m_GameObject: {fileID: 555526307}
  serializedVersion: 2
  m_LocalRotation: {x: 0, y: 0, z: 0, w: 1}
  m_LocalPosition: {x: 0.261, y: 0.84181905, z: 0.311}
  m_LocalScale: {x: 0.284404, y: 0.1, z: 0.168128}
  m_ConstrainProportionsScale: 0
  m_Children: []
  m_Father: {fileID: 0}
  m_LocalEulerAnglesHint: {x: 0, y: 0, z: 0}
--- !u!1 &598938990
GameObject:
  m_ObjectHideFlags: 0
  m_CorrespondingSourceObject: {fileID: 0}
  m_PrefabInstance: {fileID: 0}
  m_PrefabAsset: {fileID: 0}
  serializedVersion: 6
  m_Component:
  - component: {fileID: 598938991}
  - component: {fileID: 598938994}
  - component: {fileID: 598938993}
  - component: {fileID: 598938992}
  - component: {fileID: 598938995}
  m_Layer: 0
  m_Name: Cube
  m_TagString: Untagged
  m_Icon: {fileID: 0}
  m_NavMeshLayer: 0
  m_StaticEditorFlags: 0
  m_IsActive: 1
--- !u!4 &598938991
Transform:
  m_ObjectHideFlags: 0
  m_CorrespondingSourceObject: {fileID: 0}
  m_PrefabInstance: {fileID: 0}
  m_PrefabAsset: {fileID: 0}
  m_GameObject: {fileID: 598938990}
  serializedVersion: 2
  m_LocalRotation: {x: -0, y: -0, z: -0, w: 1}
  m_LocalPosition: {x: -0.135, y: 0.935, z: 0.634}
  m_LocalScale: {x: 0.099999994, y: 0.099999994, z: 0.099999994}
  m_ConstrainProportionsScale: 1
  m_Children: []
  m_Father: {fileID: 4014788064254407567}
  m_LocalEulerAnglesHint: {x: 0, y: 0, z: 0}
--- !u!65 &598938992
BoxCollider:
  m_ObjectHideFlags: 0
  m_CorrespondingSourceObject: {fileID: 0}
  m_PrefabInstance: {fileID: 0}
  m_PrefabAsset: {fileID: 0}
  m_GameObject: {fileID: 598938990}
  m_Material: {fileID: 0}
  m_IncludeLayers:
    serializedVersion: 2
    m_Bits: 0
  m_ExcludeLayers:
    serializedVersion: 2
    m_Bits: 0
  m_LayerOverridePriority: 0
  m_IsTrigger: 0
  m_ProvidesContacts: 0
  m_Enabled: 1
  serializedVersion: 3
  m_Size: {x: 1, y: 1, z: 1}
  m_Center: {x: 0, y: 0, z: 0}
--- !u!23 &598938993
MeshRenderer:
  m_ObjectHideFlags: 0
  m_CorrespondingSourceObject: {fileID: 0}
  m_PrefabInstance: {fileID: 0}
  m_PrefabAsset: {fileID: 0}
  m_GameObject: {fileID: 598938990}
  m_Enabled: 1
  m_CastShadows: 1
  m_ReceiveShadows: 1
  m_DynamicOccludee: 1
  m_StaticShadowCaster: 0
  m_MotionVectors: 1
  m_LightProbeUsage: 1
  m_ReflectionProbeUsage: 1
  m_RayTracingMode: 2
  m_RayTraceProcedural: 0
  m_RenderingLayerMask: 1
  m_RendererPriority: 0
  m_Materials:
  - {fileID: 10303, guid: 0000000000000000f000000000000000, type: 0}
  m_StaticBatchInfo:
    firstSubMesh: 0
    subMeshCount: 0
  m_StaticBatchRoot: {fileID: 0}
  m_ProbeAnchor: {fileID: 0}
  m_LightProbeVolumeOverride: {fileID: 0}
  m_ScaleInLightmap: 1
  m_ReceiveGI: 1
  m_PreserveUVs: 0
  m_IgnoreNormalsForChartDetection: 0
  m_ImportantGI: 0
  m_StitchLightmapSeams: 1
  m_SelectedEditorRenderState: 3
  m_MinimumChartSize: 4
  m_AutoUVMaxDistance: 0.5
  m_AutoUVMaxAngle: 89
  m_LightmapParameters: {fileID: 0}
  m_SortingLayerID: 0
  m_SortingLayer: 0
  m_SortingOrder: 0
  m_AdditionalVertexStreams: {fileID: 0}
--- !u!33 &598938994
MeshFilter:
  m_ObjectHideFlags: 0
  m_CorrespondingSourceObject: {fileID: 0}
  m_PrefabInstance: {fileID: 0}
  m_PrefabAsset: {fileID: 0}
  m_GameObject: {fileID: 598938990}
  m_Mesh: {fileID: 10202, guid: 0000000000000000e000000000000000, type: 0}
--- !u!114 &598938995
MonoBehaviour:
  m_ObjectHideFlags: 0
  m_CorrespondingSourceObject: {fileID: 0}
  m_PrefabInstance: {fileID: 0}
  m_PrefabAsset: {fileID: 0}
  m_GameObject: {fileID: 598938990}
  m_Enabled: 1
  m_EditorHideFlags: 0
  m_Script: {fileID: 11500000, guid: 7ee3b709e0b40ee409b2c02353bf9a2c, type: 3}
  m_Name: 
  m_EditorClassIdentifier: 
--- !u!1 &1006524667
GameObject:
  m_ObjectHideFlags: 0
  m_CorrespondingSourceObject: {fileID: 0}
  m_PrefabInstance: {fileID: 0}
  m_PrefabAsset: {fileID: 0}
  serializedVersion: 6
  m_Component:
  - component: {fileID: 1006524675}
  - component: {fileID: 1006524674}
  - component: {fileID: 1006524673}
  - component: {fileID: 1006524672}
  - component: {fileID: 1006524671}
  - component: {fileID: 1006524670}
  - component: {fileID: 1006524669}
  - component: {fileID: 1006524668}
  m_Layer: 0
  m_Name: '[BuildingBlock] Grabbable Item'
  m_TagString: Untagged
  m_Icon: {fileID: 0}
  m_NavMeshLayer: 0
  m_StaticEditorFlags: 0
  m_IsActive: 1
--- !u!114 &1006524668
MonoBehaviour:
  m_ObjectHideFlags: 0
  m_CorrespondingSourceObject: {fileID: 0}
  m_PrefabInstance: {fileID: 0}
  m_PrefabAsset: {fileID: 0}
  m_GameObject: {fileID: 1006524667}
  m_Enabled: 1
  m_EditorHideFlags: 0
  m_Script: {fileID: 11500000, guid: e9a7676b01585ce43908639a27765dfc, type: 3}
  m_Name: 
  m_EditorClassIdentifier: 
  _interactorFilters: []
  _maxInteractors: -1
  _maxSelectingInteractors: -1
  _data: {fileID: 0}
  _pointableElement: {fileID: 1006524669}
  _rigidbody: {fileID: 1006524670}
  _physicsGrabbable: {fileID: 0}
  _resetGrabOnGrabsUpdated: 1
  _scoringModifier:
    _positionRotationWeight: 0.8
  _slippiness: 0
  _supportedGrabTypes: 3
  _pinchGrabRules:
    _thumbRequirement: 1
    _indexRequirement: 1
    _middleRequirement: 1
    _ringRequirement: 0
    _pinkyRequirement: 0
    _unselectMode: 0
  _palmGrabRules:
    _thumbRequirement: 1
    _indexRequirement: 2
    _middleRequirement: 2
    _ringRequirement: 2
    _pinkyRequirement: 1
    _unselectMode: 0
  _movementProvider: {fileID: 0}
  _handAligment: 1
  _handGrabPoses: []
--- !u!114 &1006524669
MonoBehaviour:
  m_ObjectHideFlags: 0
  m_CorrespondingSourceObject: {fileID: 0}
  m_PrefabInstance: {fileID: 0}
  m_PrefabAsset: {fileID: 0}
  m_GameObject: {fileID: 1006524667}
  m_Enabled: 1
  m_EditorHideFlags: 0
  m_Script: {fileID: 11500000, guid: 43f86b14a27b52f4f9298c33015b5c26, type: 3}
  m_Name: 
  m_EditorClassIdentifier: 
  _transferOnSecondSelection: 0
  _addNewPointsToFront: 0
  _forwardElement: {fileID: 0}
  _oneGrabTransformer: {fileID: 0}
  _twoGrabTransformer: {fileID: 0}
  _targetTransform: {fileID: 0}
  _maxGrabPoints: -1
--- !u!54 &1006524670
Rigidbody:
  m_ObjectHideFlags: 0
  m_CorrespondingSourceObject: {fileID: 0}
  m_PrefabInstance: {fileID: 0}
  m_PrefabAsset: {fileID: 0}
  m_GameObject: {fileID: 1006524667}
  serializedVersion: 4
  m_Mass: 1
  m_Drag: 0
  m_AngularDrag: 0.05
  m_CenterOfMass: {x: 0, y: 0, z: 0}
  m_InertiaTensor: {x: 1, y: 1, z: 1}
  m_InertiaRotation: {x: 0, y: 0, z: 0, w: 1}
  m_IncludeLayers:
    serializedVersion: 2
    m_Bits: 0
  m_ExcludeLayers:
    serializedVersion: 2
    m_Bits: 0
  m_ImplicitCom: 1
  m_ImplicitTensor: 1
  m_UseGravity: 0
  m_IsKinematic: 0
  m_Interpolate: 0
  m_Constraints: 0
  m_CollisionDetection: 0
--- !u!65 &1006524671
BoxCollider:
  m_ObjectHideFlags: 0
  m_CorrespondingSourceObject: {fileID: 0}
  m_PrefabInstance: {fileID: 0}
  m_PrefabAsset: {fileID: 0}
  m_GameObject: {fileID: 1006524667}
  m_Material: {fileID: 0}
  m_IncludeLayers:
    serializedVersion: 2
    m_Bits: 0
  m_ExcludeLayers:
    serializedVersion: 2
    m_Bits: 0
  m_LayerOverridePriority: 0
  m_IsTrigger: 1
  m_ProvidesContacts: 0
  m_Enabled: 1
  serializedVersion: 3
  m_Size: {x: 1, y: 1, z: 1}
  m_Center: {x: 0, y: 0, z: 0}
--- !u!23 &1006524672
MeshRenderer:
  m_ObjectHideFlags: 0
  m_CorrespondingSourceObject: {fileID: 0}
  m_PrefabInstance: {fileID: 0}
  m_PrefabAsset: {fileID: 0}
  m_GameObject: {fileID: 1006524667}
  m_Enabled: 1
  m_CastShadows: 1
  m_ReceiveShadows: 1
  m_DynamicOccludee: 1
  m_StaticShadowCaster: 0
  m_MotionVectors: 1
  m_LightProbeUsage: 1
  m_ReflectionProbeUsage: 1
  m_RayTracingMode: 2
  m_RayTraceProcedural: 0
  m_RenderingLayerMask: 1
  m_RendererPriority: 0
  m_Materials:
  - {fileID: 10303, guid: 0000000000000000f000000000000000, type: 0}
  m_StaticBatchInfo:
    firstSubMesh: 0
    subMeshCount: 0
  m_StaticBatchRoot: {fileID: 0}
  m_ProbeAnchor: {fileID: 0}
  m_LightProbeVolumeOverride: {fileID: 0}
  m_ScaleInLightmap: 1
  m_ReceiveGI: 1
  m_PreserveUVs: 0
  m_IgnoreNormalsForChartDetection: 0
  m_ImportantGI: 0
  m_StitchLightmapSeams: 1
  m_SelectedEditorRenderState: 3
  m_MinimumChartSize: 4
  m_AutoUVMaxDistance: 0.5
  m_AutoUVMaxAngle: 89
  m_LightmapParameters: {fileID: 0}
  m_SortingLayerID: 0
  m_SortingLayer: 0
  m_SortingOrder: 0
  m_AdditionalVertexStreams: {fileID: 0}
--- !u!33 &1006524673
MeshFilter:
  m_ObjectHideFlags: 0
  m_CorrespondingSourceObject: {fileID: 0}
  m_PrefabInstance: {fileID: 0}
  m_PrefabAsset: {fileID: 0}
  m_GameObject: {fileID: 1006524667}
  m_Mesh: {fileID: 10202, guid: 0000000000000000e000000000000000, type: 0}
--- !u!114 &1006524674
MonoBehaviour:
  m_ObjectHideFlags: 0
  m_CorrespondingSourceObject: {fileID: 0}
  m_PrefabInstance: {fileID: 0}
  m_PrefabAsset: {fileID: 0}
  m_GameObject: {fileID: 1006524667}
  m_Enabled: 1
  m_EditorHideFlags: 0
  m_Script: {fileID: 11500000, guid: 5b023183069df224080314a560e6e1ff, type: 3}
  m_Name: 
  m_EditorClassIdentifier: 
  blockId: 5c5184f2-c2f5-4063-b14b-3b1264fb3c1a
  instanceId: 09756991-fcc0-43e5-bdeb-abd3516df851
  version: 1
--- !u!4 &1006524675
Transform:
  m_ObjectHideFlags: 0
  m_CorrespondingSourceObject: {fileID: 0}
  m_PrefabInstance: {fileID: 0}
  m_PrefabAsset: {fileID: 0}
  m_GameObject: {fileID: 1006524667}
  serializedVersion: 2
  m_LocalRotation: {x: 0, y: 0, z: 0, w: 1}
  m_LocalPosition: {x: 0, y: 0, z: 0}
  m_LocalScale: {x: 0.1, y: 0.1, z: 0.1}
  m_ConstrainProportionsScale: 0
  m_Children: []
  m_Father: {fileID: 0}
  m_LocalEulerAnglesHint: {x: 0, y: 0, z: 0}
--- !u!1 &1102602483
GameObject:
  m_ObjectHideFlags: 0
  m_CorrespondingSourceObject: {fileID: 0}
  m_PrefabInstance: {fileID: 0}
  m_PrefabAsset: {fileID: 0}
  serializedVersion: 6
  m_Component:
  - component: {fileID: 1102602487}
  - component: {fileID: 1102602486}
  - component: {fileID: 1102602485}
  - component: {fileID: 1102602484}
  - component: {fileID: 1102602489}
  - component: {fileID: 1102602488}
  m_Layer: 0
  m_Name: Cube
  m_TagString: Untagged
  m_Icon: {fileID: 0}
  m_NavMeshLayer: 0
  m_StaticEditorFlags: 0
  m_IsActive: 1
--- !u!65 &1102602484
BoxCollider:
  m_ObjectHideFlags: 0
  m_CorrespondingSourceObject: {fileID: 0}
  m_PrefabInstance: {fileID: 0}
  m_PrefabAsset: {fileID: 0}
  m_GameObject: {fileID: 1102602483}
  m_Material: {fileID: 0}
  m_IncludeLayers:
    serializedVersion: 2
    m_Bits: 0
  m_ExcludeLayers:
    serializedVersion: 2
    m_Bits: 0
  m_LayerOverridePriority: 0
  m_IsTrigger: 0
  m_ProvidesContacts: 0
  m_Enabled: 1
  serializedVersion: 3
  m_Size: {x: 1, y: 1, z: 1}
  m_Center: {x: 0, y: 0, z: 0}
--- !u!23 &1102602485
MeshRenderer:
  m_ObjectHideFlags: 0
  m_CorrespondingSourceObject: {fileID: 0}
  m_PrefabInstance: {fileID: 0}
  m_PrefabAsset: {fileID: 0}
  m_GameObject: {fileID: 1102602483}
  m_Enabled: 1
  m_CastShadows: 1
  m_ReceiveShadows: 1
  m_DynamicOccludee: 1
  m_StaticShadowCaster: 0
  m_MotionVectors: 1
  m_LightProbeUsage: 1
  m_ReflectionProbeUsage: 1
  m_RayTracingMode: 2
  m_RayTraceProcedural: 0
  m_RenderingLayerMask: 1
  m_RendererPriority: 0
  m_Materials:
  - {fileID: 10303, guid: 0000000000000000f000000000000000, type: 0}
  m_StaticBatchInfo:
    firstSubMesh: 0
    subMeshCount: 0
  m_StaticBatchRoot: {fileID: 0}
  m_ProbeAnchor: {fileID: 0}
  m_LightProbeVolumeOverride: {fileID: 0}
  m_ScaleInLightmap: 1
  m_ReceiveGI: 1
  m_PreserveUVs: 0
  m_IgnoreNormalsForChartDetection: 0
  m_ImportantGI: 0
  m_StitchLightmapSeams: 1
  m_SelectedEditorRenderState: 3
  m_MinimumChartSize: 4
  m_AutoUVMaxDistance: 0.5
  m_AutoUVMaxAngle: 89
  m_LightmapParameters: {fileID: 0}
  m_SortingLayerID: 0
  m_SortingLayer: 0
  m_SortingOrder: 0
  m_AdditionalVertexStreams: {fileID: 0}
--- !u!33 &1102602486
MeshFilter:
  m_ObjectHideFlags: 0
  m_CorrespondingSourceObject: {fileID: 0}
  m_PrefabInstance: {fileID: 0}
  m_PrefabAsset: {fileID: 0}
  m_GameObject: {fileID: 1102602483}
  m_Mesh: {fileID: 10202, guid: 0000000000000000e000000000000000, type: 0}
--- !u!4 &1102602487
Transform:
  m_ObjectHideFlags: 0
  m_CorrespondingSourceObject: {fileID: 0}
  m_PrefabInstance: {fileID: 0}
  m_PrefabAsset: {fileID: 0}
  m_GameObject: {fileID: 1102602483}
  serializedVersion: 2
  m_LocalRotation: {x: 0, y: 0, z: 0, w: 1}
  m_LocalPosition: {x: 0.217, y: 1.091, z: 0.1959377}
  m_LocalScale: {x: 0.1, y: 0.1, z: 0.1}
  m_ConstrainProportionsScale: 1
  m_Children: []
  m_Father: {fileID: 0}
  m_LocalEulerAnglesHint: {x: 0, y: 0, z: 0}
--- !u!114 &1102602488
MonoBehaviour:
  m_ObjectHideFlags: 0
  m_CorrespondingSourceObject: {fileID: 0}
  m_PrefabInstance: {fileID: 0}
  m_PrefabAsset: {fileID: 0}
  m_GameObject: {fileID: 1102602483}
  m_Enabled: 1
  m_EditorHideFlags: 0
  m_Script: {fileID: 11500000, guid: cd9f11e429d345946a070f8bd8e2c951, type: 3}
  m_Name: 
  m_EditorClassIdentifier: 
  dropdown: {fileID: 0}
  isRecording: 0
  index: 0
--- !u!114 &1102602489
MonoBehaviour:
  m_ObjectHideFlags: 0
  m_CorrespondingSourceObject: {fileID: 0}
  m_PrefabInstance: {fileID: 0}
  m_PrefabAsset: {fileID: 0}
  m_GameObject: {fileID: 1102602483}
  m_Enabled: 1
  m_EditorHideFlags: 0
  m_Script: {fileID: 11500000, guid: 520fcef3bc342594ca91837a5e8c69c3, type: 3}
  m_Name: 
  m_EditorClassIdentifier: 
  startColor: {r: 0, g: 1, b: 0, a: 1}
  stopColor: {r: 1, g: 0, b: 0, a: 1}
  targetRenderer: {fileID: 1102602485}
  m_whisperScript: {fileID: 1389932754}
--- !u!4 &1329126077 stripped
Transform:
  m_CorrespondingSourceObject: {fileID: 4968855998896105106, guid: 920f507bb741aea418ec48fbf7ce6169, type: 3}
  m_PrefabInstance: {fileID: 2314196808676301327}
  m_PrefabAsset: {fileID: 0}
--- !u!114 &1389932754 stripped
MonoBehaviour:
  m_CorrespondingSourceObject: {fileID: 6154950701444775257, guid: 9cf89341e8fb20e4486bcf66d95a1c2c, type: 3}
  m_PrefabInstance: {fileID: 5180504428616135628}
  m_PrefabAsset: {fileID: 0}
  m_GameObject: {fileID: 0}
  m_Enabled: 1
  m_EditorHideFlags: 0
  m_Script: {fileID: 11500000, guid: cd9f11e429d345946a070f8bd8e2c951, type: 3}
  m_Name: 
  m_EditorClassIdentifier: 
--- !u!1001 &1392788419
PrefabInstance:
  m_ObjectHideFlags: 0
  serializedVersion: 2
  m_Modification:
    serializedVersion: 3
    m_TransformParent: {fileID: 0}
    m_Modifications:
    - target: {fileID: 1572161834460568, guid: fca9d4afb3743274e8f7da14019d7e0b, type: 3}
      propertyPath: m_Name
      value: Realtime + VR Player
      objectReference: {fileID: 0}
    - target: {fileID: 4520454903943832, guid: fca9d4afb3743274e8f7da14019d7e0b, type: 3}
      propertyPath: m_LocalPosition.x
      value: 0
      objectReference: {fileID: 0}
    - target: {fileID: 4520454903943832, guid: fca9d4afb3743274e8f7da14019d7e0b, type: 3}
      propertyPath: m_LocalPosition.y
      value: 0
      objectReference: {fileID: 0}
    - target: {fileID: 4520454903943832, guid: fca9d4afb3743274e8f7da14019d7e0b, type: 3}
      propertyPath: m_LocalPosition.z
      value: 0
      objectReference: {fileID: 0}
    - target: {fileID: 4520454903943832, guid: fca9d4afb3743274e8f7da14019d7e0b, type: 3}
      propertyPath: m_LocalRotation.w
      value: 1
      objectReference: {fileID: 0}
    - target: {fileID: 4520454903943832, guid: fca9d4afb3743274e8f7da14019d7e0b, type: 3}
      propertyPath: m_LocalRotation.x
      value: 0
      objectReference: {fileID: 0}
    - target: {fileID: 4520454903943832, guid: fca9d4afb3743274e8f7da14019d7e0b, type: 3}
      propertyPath: m_LocalRotation.y
      value: 0
      objectReference: {fileID: 0}
    - target: {fileID: 4520454903943832, guid: fca9d4afb3743274e8f7da14019d7e0b, type: 3}
      propertyPath: m_LocalRotation.z
      value: 0
      objectReference: {fileID: 0}
    - target: {fileID: 4520454903943832, guid: fca9d4afb3743274e8f7da14019d7e0b, type: 3}
      propertyPath: m_LocalEulerAnglesHint.x
      value: 0
      objectReference: {fileID: 0}
    - target: {fileID: 4520454903943832, guid: fca9d4afb3743274e8f7da14019d7e0b, type: 3}
      propertyPath: m_LocalEulerAnglesHint.y
      value: 0
      objectReference: {fileID: 0}
    - target: {fileID: 4520454903943832, guid: fca9d4afb3743274e8f7da14019d7e0b, type: 3}
      propertyPath: m_LocalEulerAnglesHint.z
      value: 0
      objectReference: {fileID: 0}
    - target: {fileID: 114568985850100520, guid: fca9d4afb3743274e8f7da14019d7e0b, type: 3}
      propertyPath: _localPlayer.head
      value: 
      objectReference: {fileID: 1704975275}
    - target: {fileID: 114568985850100520, guid: fca9d4afb3743274e8f7da14019d7e0b, type: 3}
      propertyPath: _localPlayer.root
      value: 
      objectReference: {fileID: 1788168798}
    - target: {fileID: 114568985850100520, guid: fca9d4afb3743274e8f7da14019d7e0b, type: 3}
      propertyPath: _localAvatarPrefab
      value: 
      objectReference: {fileID: 1435502846325602, guid: 132fa799030920d4cb15dfab7ec5c45f, type: 3}
    - target: {fileID: 114568985850100520, guid: fca9d4afb3743274e8f7da14019d7e0b, type: 3}
      propertyPath: _localPlayer.leftHand
      value: 
      objectReference: {fileID: 1329126077}
    - target: {fileID: 114568985850100520, guid: fca9d4afb3743274e8f7da14019d7e0b, type: 3}
      propertyPath: _localPlayer.rightHand
      value: 
      objectReference: {fileID: 16812447}
    m_RemovedComponents: []
    m_RemovedGameObjects: []
    m_AddedGameObjects: []
    m_AddedComponents:
    - targetCorrespondingSourceObject: {fileID: 1572161834460568, guid: fca9d4afb3743274e8f7da14019d7e0b, type: 3}
      insertIndex: -1
      addedObject: {fileID: 1828904957}
  m_SourcePrefab: {fileID: 100100000, guid: fca9d4afb3743274e8f7da14019d7e0b, type: 3}
--- !u!4 &1704975275 stripped
Transform:
  m_CorrespondingSourceObject: {fileID: 4337925444407563656, guid: 920f507bb741aea418ec48fbf7ce6169, type: 3}
  m_PrefabInstance: {fileID: 2314196808676301327}
  m_PrefabAsset: {fileID: 0}
--- !u!1 &1788168793 stripped
GameObject:
  m_CorrespondingSourceObject: {fileID: 7958636513621054922, guid: 920f507bb741aea418ec48fbf7ce6169, type: 3}
  m_PrefabInstance: {fileID: 2314196808676301327}
  m_PrefabAsset: {fileID: 0}
--- !u!4 &1788168798 stripped
Transform:
  m_CorrespondingSourceObject: {fileID: 6911664649972133297, guid: 920f507bb741aea418ec48fbf7ce6169, type: 3}
  m_PrefabInstance: {fileID: 2314196808676301327}
  m_PrefabAsset: {fileID: 0}
--- !u!1 &1796276193
GameObject:
  m_ObjectHideFlags: 0
  m_CorrespondingSourceObject: {fileID: 0}
  m_PrefabInstance: {fileID: 0}
  m_PrefabAsset: {fileID: 0}
  serializedVersion: 6
  m_Component:
  - component: {fileID: 1796276195}
  - component: {fileID: 1796276194}
  m_Layer: 0
  m_Name: Directional Light
  m_TagString: Untagged
  m_Icon: {fileID: 0}
  m_NavMeshLayer: 0
  m_StaticEditorFlags: 0
  m_IsActive: 1
--- !u!108 &1796276194
Light:
  m_ObjectHideFlags: 0
  m_CorrespondingSourceObject: {fileID: 0}
  m_PrefabInstance: {fileID: 0}
  m_PrefabAsset: {fileID: 0}
  m_GameObject: {fileID: 1796276193}
  m_Enabled: 1
  serializedVersion: 10
  m_Type: 1
  m_Shape: 0
  m_Color: {r: 1, g: 0.95686275, b: 0.8392157, a: 1}
  m_Intensity: 1
  m_Range: 10
  m_SpotAngle: 30
  m_InnerSpotAngle: 21.80208
  m_CookieSize: 10
  m_Shadows:
    m_Type: 2
    m_Resolution: -1
    m_CustomResolution: -1
    m_Strength: 1
    m_Bias: 0.05
    m_NormalBias: 0.4
    m_NearPlane: 0.2
    m_CullingMatrixOverride:
      e00: 1
      e01: 0
      e02: 0
      e03: 0
      e10: 0
      e11: 1
      e12: 0
      e13: 0
      e20: 0
      e21: 0
      e22: 1
      e23: 0
      e30: 0
      e31: 0
      e32: 0
      e33: 1
    m_UseCullingMatrixOverride: 0
  m_Cookie: {fileID: 0}
  m_DrawHalo: 0
  m_Flare: {fileID: 0}
  m_RenderMode: 0
  m_CullingMask:
    serializedVersion: 2
    m_Bits: 4294967295
  m_RenderingLayerMask: 1
  m_Lightmapping: 4
  m_LightShadowCasterMode: 0
  m_AreaSize: {x: 1, y: 1}
  m_BounceIntensity: 1
  m_ColorTemperature: 6570
  m_UseColorTemperature: 0
  m_BoundingSphereOverride: {x: 0, y: 0, z: 0, w: 0}
  m_UseBoundingSphereOverride: 0
  m_UseViewFrustumForShadowCasterCull: 1
  m_ShadowRadius: 0
  m_ShadowAngle: 0
--- !u!4 &1796276195
Transform:
  m_ObjectHideFlags: 0
  m_CorrespondingSourceObject: {fileID: 0}
  m_PrefabInstance: {fileID: 0}
  m_PrefabAsset: {fileID: 0}
  m_GameObject: {fileID: 1796276193}
  serializedVersion: 2
  m_LocalRotation: {x: 0.40821788, y: -0.23456968, z: 0.10938163, w: 0.8754261}
  m_LocalPosition: {x: 0, y: 3, z: 0}
  m_LocalScale: {x: 1, y: 1, z: 1}
  m_ConstrainProportionsScale: 0
  m_Children: []
  m_Father: {fileID: 0}
  m_LocalEulerAnglesHint: {x: 50, y: -30, z: 0}
--- !u!114 &1802765447 stripped
MonoBehaviour:
  m_CorrespondingSourceObject: {fileID: 183688307470763917, guid: 920f507bb741aea418ec48fbf7ce6169, type: 3}
  m_PrefabInstance: {fileID: 2314196808676301327}
  m_PrefabAsset: {fileID: 0}
  m_GameObject: {fileID: 0}
  m_Enabled: 1
  m_EditorHideFlags: 0
  m_Script: {fileID: 11500000, guid: ae43f25c06eb2d9408a201216b4c3ed7, type: 3}
  m_Name: 
  m_EditorClassIdentifier: 
--- !u!1 &1828904953 stripped
GameObject:
  m_CorrespondingSourceObject: {fileID: 1572161834460568, guid: fca9d4afb3743274e8f7da14019d7e0b, type: 3}
  m_PrefabInstance: {fileID: 1392788419}
  m_PrefabAsset: {fileID: 0}
--- !u!114 &1828904955 stripped
MonoBehaviour:
  m_CorrespondingSourceObject: {fileID: 114501696213753918, guid: fca9d4afb3743274e8f7da14019d7e0b, type: 3}
  m_PrefabInstance: {fileID: 1392788419}
  m_PrefabAsset: {fileID: 0}
  m_GameObject: {fileID: 1828904953}
  m_Enabled: 1
  m_EditorHideFlags: 0
  m_Script: {fileID: -1424795628, guid: ebae63e7edba59945a994528ada1f7a2, type: 3}
  m_Name: 
  m_EditorClassIdentifier: 
--- !u!114 &1828904957
MonoBehaviour:
  m_ObjectHideFlags: 0
  m_CorrespondingSourceObject: {fileID: 0}
  m_PrefabInstance: {fileID: 0}
  m_PrefabAsset: {fileID: 0}
  m_GameObject: {fileID: 1828904953}
  m_Enabled: 1
  m_EditorHideFlags: 0
  m_Script: {fileID: -363599832, guid: ebae63e7edba59945a994528ada1f7a2, type: 3}
  m_Name: 
  m_EditorClassIdentifier: 
  _realtime: {fileID: 1828904955}
  _sceneViewUUID: 
  _viewUUID: 0e6db8f4-daf5-42b3-864a-f7ed3eea6cc9
  _sceneViewPreventOwnershipTakeover: 0
  _sceneViewDestroyWhenOwnerOrLastClientLeaves: 1
  _sceneViewDestroyWhenOwnerOrLastClientLeavesMigrated: 1
  _sceneViewDestroyWhenLastClientLeaves: 1
  _components:
  - componentID: 1
    component: {fileID: 0}
  _childViews: []
--- !u!1001 &1844023523
PrefabInstance:
  m_ObjectHideFlags: 0
  serializedVersion: 2
  m_Modification:
    serializedVersion: 3
    m_TransformParent: {fileID: 0}
    m_Modifications:
    - target: {fileID: 493681582, guid: 08bd653119f9db54fb91155eb09c459a, type: 3}
      propertyPath: _palmGrabRules._indexRequirement
      value: 0
      objectReference: {fileID: 0}
    - target: {fileID: 2438834414172602222, guid: 08bd653119f9db54fb91155eb09c459a, type: 3}
      propertyPath: m_LocalScale.x
      value: 5.0539856
      objectReference: {fileID: 0}
    - target: {fileID: 2438834414172602222, guid: 08bd653119f9db54fb91155eb09c459a, type: 3}
      propertyPath: m_LocalScale.y
      value: 2.2654796
      objectReference: {fileID: 0}
    - target: {fileID: 2438834414172602222, guid: 08bd653119f9db54fb91155eb09c459a, type: 3}
      propertyPath: m_LocalPosition.x
      value: 0.0061500072
      objectReference: {fileID: 0}
    - target: {fileID: 2438834414172602222, guid: 08bd653119f9db54fb91155eb09c459a, type: 3}
      propertyPath: m_LocalPosition.y
      value: 0.021709979
      objectReference: {fileID: 0}
    - target: {fileID: 2438834414172602222, guid: 08bd653119f9db54fb91155eb09c459a, type: 3}
      propertyPath: m_LocalRotation.w
      value: 0.98370737
      objectReference: {fileID: 0}
    - target: {fileID: 2438834414172602222, guid: 08bd653119f9db54fb91155eb09c459a, type: 3}
      propertyPath: m_LocalRotation.x
      value: 0.17977737
      objectReference: {fileID: 0}
    - target: {fileID: 2438834414172602222, guid: 08bd653119f9db54fb91155eb09c459a, type: 3}
      propertyPath: m_LocalEulerAnglesHint.x
      value: 20.714
      objectReference: {fileID: 0}
    - target: {fileID: 7001587203448011866, guid: 08bd653119f9db54fb91155eb09c459a, type: 3}
      propertyPath: m_RootOrder
      value: 0
      objectReference: {fileID: 0}
    - target: {fileID: 7001587203448011866, guid: 08bd653119f9db54fb91155eb09c459a, type: 3}
      propertyPath: m_LocalPosition.x
      value: -0.37020004
      objectReference: {fileID: 0}
    - target: {fileID: 7001587203448011866, guid: 08bd653119f9db54fb91155eb09c459a, type: 3}
      propertyPath: m_LocalPosition.y
      value: 0.84159994
      objectReference: {fileID: 0}
    - target: {fileID: 7001587203448011866, guid: 08bd653119f9db54fb91155eb09c459a, type: 3}
      propertyPath: m_LocalPosition.z
      value: 0.435
      objectReference: {fileID: 0}
    - target: {fileID: 7001587203448011866, guid: 08bd653119f9db54fb91155eb09c459a, type: 3}
      propertyPath: m_LocalRotation.w
      value: 1
      objectReference: {fileID: 0}
    - target: {fileID: 7001587203448011866, guid: 08bd653119f9db54fb91155eb09c459a, type: 3}
      propertyPath: m_LocalRotation.x
      value: -0
      objectReference: {fileID: 0}
    - target: {fileID: 7001587203448011866, guid: 08bd653119f9db54fb91155eb09c459a, type: 3}
      propertyPath: m_LocalRotation.y
      value: -0
      objectReference: {fileID: 0}
    - target: {fileID: 7001587203448011866, guid: 08bd653119f9db54fb91155eb09c459a, type: 3}
      propertyPath: m_LocalRotation.z
      value: -0
      objectReference: {fileID: 0}
    - target: {fileID: 7001587203448011866, guid: 08bd653119f9db54fb91155eb09c459a, type: 3}
      propertyPath: m_LocalEulerAnglesHint.x
      value: 0
      objectReference: {fileID: 0}
    - target: {fileID: 7001587203448011866, guid: 08bd653119f9db54fb91155eb09c459a, type: 3}
      propertyPath: m_LocalEulerAnglesHint.y
      value: 0
      objectReference: {fileID: 0}
    - target: {fileID: 7001587203448011866, guid: 08bd653119f9db54fb91155eb09c459a, type: 3}
      propertyPath: m_LocalEulerAnglesHint.z
      value: 0
      objectReference: {fileID: 0}
    - target: {fileID: 7665534328767522528, guid: 08bd653119f9db54fb91155eb09c459a, type: 3}
      propertyPath: m_Name
      value: SimpleGrab0NoPose
      objectReference: {fileID: 0}
    m_RemovedComponents: []
    m_RemovedGameObjects: []
    m_AddedGameObjects:
    - targetCorrespondingSourceObject: {fileID: 8781417736137026336, guid: 08bd653119f9db54fb91155eb09c459a, type: 3}
      insertIndex: 0
      addedObject: {fileID: 133473259}
    m_AddedComponents: []
  m_SourcePrefab: {fileID: 100100000, guid: 08bd653119f9db54fb91155eb09c459a, type: 3}
--- !u!4 &1844023524 stripped
Transform:
  m_CorrespondingSourceObject: {fileID: 8781417736137026336, guid: 08bd653119f9db54fb91155eb09c459a, type: 3}
  m_PrefabInstance: {fileID: 1844023523}
  m_PrefabAsset: {fileID: 0}
--- !u!1 &650001112604364998
GameObject:
  m_ObjectHideFlags: 0
  m_CorrespondingSourceObject: {fileID: 0}
  m_PrefabInstance: {fileID: 0}
  m_PrefabAsset: {fileID: 0}
  serializedVersion: 6
  m_Component:
  - component: {fileID: 4014788064254407567}
  - component: {fileID: 6524981016955337565}
  m_Layer: 0
  m_Name: Root
  m_TagString: Untagged
  m_Icon: {fileID: 0}
  m_NavMeshLayer: 0
  m_StaticEditorFlags: 0
  m_IsActive: 1
--- !u!1001 &2072511084927864830
PrefabInstance:
  m_ObjectHideFlags: 0
  serializedVersion: 2
  m_Modification:
    serializedVersion: 3
    m_TransformParent: {fileID: 4014788064254407567}
    m_Modifications:
    - target: {fileID: 1604798150595240128, guid: d0d4f70ff90f3b843997eb863f73cfa6, type: 3}
      propertyPath: handGrabAPIL
      value: 
      objectReference: {fileID: 474560592}
    - target: {fileID: 1604798150595240128, guid: d0d4f70ff90f3b843997eb863f73cfa6, type: 3}
      propertyPath: handGrabAPIR
      value: 
      objectReference: {fileID: 1802765447}
    - target: {fileID: 2197099800925551152, guid: d0d4f70ff90f3b843997eb863f73cfa6, type: 3}
      propertyPath: m_prefab
      value: cube
      objectReference: {fileID: 0}
    - target: {fileID: 2197099800925551152, guid: d0d4f70ff90f3b843997eb863f73cfa6, type: 3}
      propertyPath: m_Enabled
      value: 1
      objectReference: {fileID: 0}
    - target: {fileID: 2927001898973903384, guid: d0d4f70ff90f3b843997eb863f73cfa6, type: 3}
      propertyPath: _realtime
      value: 
      objectReference: {fileID: 1828904955}
    - target: {fileID: 2927001898973903384, guid: d0d4f70ff90f3b843997eb863f73cfa6, type: 3}
      propertyPath: _viewUUID
      value: 5155c961-e69f-4f21-9aa9-8bb9ccd99432
      objectReference: {fileID: 0}
    - target: {fileID: 4307999084739605510, guid: d0d4f70ff90f3b843997eb863f73cfa6, type: 3}
      propertyPath: m_Name
      value: '[BuildingBlock] Grabbable Item'
      objectReference: {fileID: 0}
    - target: {fileID: 4307999084739605510, guid: d0d4f70ff90f3b843997eb863f73cfa6, type: 3}
      propertyPath: m_IsActive
      value: 0
      objectReference: {fileID: 0}
    - target: {fileID: 5086217979232585694, guid: d0d4f70ff90f3b843997eb863f73cfa6, type: 3}
      propertyPath: m_LocalPosition.x
      value: -0.135
      objectReference: {fileID: 0}
    - target: {fileID: 5086217979232585694, guid: d0d4f70ff90f3b843997eb863f73cfa6, type: 3}
      propertyPath: m_LocalPosition.y
      value: 0.935
      objectReference: {fileID: 0}
    - target: {fileID: 5086217979232585694, guid: d0d4f70ff90f3b843997eb863f73cfa6, type: 3}
      propertyPath: m_LocalPosition.z
      value: 0.634
      objectReference: {fileID: 0}
    - target: {fileID: 5086217979232585694, guid: d0d4f70ff90f3b843997eb863f73cfa6, type: 3}
      propertyPath: m_LocalRotation.w
      value: 1
      objectReference: {fileID: 0}
    - target: {fileID: 5086217979232585694, guid: d0d4f70ff90f3b843997eb863f73cfa6, type: 3}
      propertyPath: m_LocalRotation.x
      value: -0
      objectReference: {fileID: 0}
    - target: {fileID: 5086217979232585694, guid: d0d4f70ff90f3b843997eb863f73cfa6, type: 3}
      propertyPath: m_LocalRotation.y
      value: -0
      objectReference: {fileID: 0}
    - target: {fileID: 5086217979232585694, guid: d0d4f70ff90f3b843997eb863f73cfa6, type: 3}
      propertyPath: m_LocalRotation.z
      value: -0
      objectReference: {fileID: 0}
    - target: {fileID: 5086217979232585694, guid: d0d4f70ff90f3b843997eb863f73cfa6, type: 3}
      propertyPath: m_LocalEulerAnglesHint.x
      value: 0
      objectReference: {fileID: 0}
    - target: {fileID: 5086217979232585694, guid: d0d4f70ff90f3b843997eb863f73cfa6, type: 3}
      propertyPath: m_LocalEulerAnglesHint.y
      value: 0
      objectReference: {fileID: 0}
    - target: {fileID: 5086217979232585694, guid: d0d4f70ff90f3b843997eb863f73cfa6, type: 3}
      propertyPath: m_LocalEulerAnglesHint.z
      value: 0
      objectReference: {fileID: 0}
    m_RemovedComponents: []
    m_RemovedGameObjects: []
    m_AddedGameObjects: []
    m_AddedComponents: []
  m_SourcePrefab: {fileID: 100100000, guid: d0d4f70ff90f3b843997eb863f73cfa6, type: 3}
--- !u!1001 &2314196808676301327
PrefabInstance:
  m_ObjectHideFlags: 0
  serializedVersion: 2
  m_Modification:
    serializedVersion: 3
    m_TransformParent: {fileID: 0}
    m_Modifications:
    - target: {fileID: 6911664649972133297, guid: 920f507bb741aea418ec48fbf7ce6169, type: 3}
      propertyPath: m_LocalPosition.x
      value: 0
      objectReference: {fileID: 0}
    - target: {fileID: 6911664649972133297, guid: 920f507bb741aea418ec48fbf7ce6169, type: 3}
      propertyPath: m_LocalPosition.y
      value: 0
      objectReference: {fileID: 0}
    - target: {fileID: 6911664649972133297, guid: 920f507bb741aea418ec48fbf7ce6169, type: 3}
      propertyPath: m_LocalPosition.z
      value: 0
      objectReference: {fileID: 0}
    - target: {fileID: 6911664649972133297, guid: 920f507bb741aea418ec48fbf7ce6169, type: 3}
      propertyPath: m_LocalRotation.w
      value: 1
      objectReference: {fileID: 0}
    - target: {fileID: 6911664649972133297, guid: 920f507bb741aea418ec48fbf7ce6169, type: 3}
      propertyPath: m_LocalRotation.x
      value: 0
      objectReference: {fileID: 0}
    - target: {fileID: 6911664649972133297, guid: 920f507bb741aea418ec48fbf7ce6169, type: 3}
      propertyPath: m_LocalRotation.y
      value: 0
      objectReference: {fileID: 0}
    - target: {fileID: 6911664649972133297, guid: 920f507bb741aea418ec48fbf7ce6169, type: 3}
      propertyPath: m_LocalRotation.z
      value: 0
      objectReference: {fileID: 0}
    - target: {fileID: 6911664649972133297, guid: 920f507bb741aea418ec48fbf7ce6169, type: 3}
      propertyPath: m_LocalEulerAnglesHint.x
      value: 0
      objectReference: {fileID: 0}
    - target: {fileID: 6911664649972133297, guid: 920f507bb741aea418ec48fbf7ce6169, type: 3}
      propertyPath: m_LocalEulerAnglesHint.y
      value: 0
      objectReference: {fileID: 0}
    - target: {fileID: 6911664649972133297, guid: 920f507bb741aea418ec48fbf7ce6169, type: 3}
      propertyPath: m_LocalEulerAnglesHint.z
      value: 0
      objectReference: {fileID: 0}
    - target: {fileID: 7958636513621054922, guid: 920f507bb741aea418ec48fbf7ce6169, type: 3}
      propertyPath: m_Name
      value: Player Rig
      objectReference: {fileID: 0}
    m_RemovedComponents: []
    m_RemovedGameObjects: []
    m_AddedGameObjects: []
    m_AddedComponents: []
  m_SourcePrefab: {fileID: 100100000, guid: 920f507bb741aea418ec48fbf7ce6169, type: 3}
--- !u!4 &3453623823731036064 stripped
Transform:
  m_CorrespondingSourceObject: {fileID: 5086217979232585694, guid: d0d4f70ff90f3b843997eb863f73cfa6, type: 3}
  m_PrefabInstance: {fileID: 2072511084927864830}
  m_PrefabAsset: {fileID: 0}
--- !u!4 &4014788064254407567
Transform:
  m_ObjectHideFlags: 0
  m_CorrespondingSourceObject: {fileID: 0}
  m_PrefabInstance: {fileID: 0}
  m_PrefabAsset: {fileID: 0}
  m_GameObject: {fileID: 650001112604364998}
  serializedVersion: 2
  m_LocalRotation: {x: 0, y: 0, z: 0, w: 1}
  m_LocalPosition: {x: -0.13077736, y: 1.1145308, z: 0.32845116}
  m_LocalScale: {x: 1, y: 1, z: 1}
  m_ConstrainProportionsScale: 0
  m_Children:
  - {fileID: 3453623823731036064}
  - {fileID: 598938991}
  m_Father: {fileID: 0}
  m_LocalEulerAnglesHint: {x: 0, y: 0, z: 0}
--- !u!1001 &5180504428616135628
PrefabInstance:
  m_ObjectHideFlags: 0
  serializedVersion: 2
  m_Modification:
    serializedVersion: 3
    m_TransformParent: {fileID: 0}
    m_Modifications:
    - target: {fileID: 6736576736426483333, guid: 9cf89341e8fb20e4486bcf66d95a1c2c, type: 3}
      propertyPath: m_Name
      value: Record
      objectReference: {fileID: 0}
    - target: {fileID: 8183915405179963550, guid: 9cf89341e8fb20e4486bcf66d95a1c2c, type: 3}
      propertyPath: m_LocalPosition.x
      value: -491566.62
      objectReference: {fileID: 0}
    - target: {fileID: 8183915405179963550, guid: 9cf89341e8fb20e4486bcf66d95a1c2c, type: 3}
      propertyPath: m_LocalPosition.y
      value: -1267600.1
      objectReference: {fileID: 0}
    - target: {fileID: 8183915405179963550, guid: 9cf89341e8fb20e4486bcf66d95a1c2c, type: 3}
      propertyPath: m_LocalPosition.z
      value: 0.695
      objectReference: {fileID: 0}
    - target: {fileID: 8183915405179963550, guid: 9cf89341e8fb20e4486bcf66d95a1c2c, type: 3}
      propertyPath: m_LocalRotation.w
      value: 1
      objectReference: {fileID: 0}
    - target: {fileID: 8183915405179963550, guid: 9cf89341e8fb20e4486bcf66d95a1c2c, type: 3}
      propertyPath: m_LocalRotation.x
      value: -0
      objectReference: {fileID: 0}
    - target: {fileID: 8183915405179963550, guid: 9cf89341e8fb20e4486bcf66d95a1c2c, type: 3}
      propertyPath: m_LocalRotation.y
      value: -0
      objectReference: {fileID: 0}
    - target: {fileID: 8183915405179963550, guid: 9cf89341e8fb20e4486bcf66d95a1c2c, type: 3}
      propertyPath: m_LocalRotation.z
      value: -0
      objectReference: {fileID: 0}
    - target: {fileID: 8183915405179963550, guid: 9cf89341e8fb20e4486bcf66d95a1c2c, type: 3}
      propertyPath: m_LocalEulerAnglesHint.x
      value: 0
      objectReference: {fileID: 0}
    - target: {fileID: 8183915405179963550, guid: 9cf89341e8fb20e4486bcf66d95a1c2c, type: 3}
      propertyPath: m_LocalEulerAnglesHint.y
      value: 0
      objectReference: {fileID: 0}
    - target: {fileID: 8183915405179963550, guid: 9cf89341e8fb20e4486bcf66d95a1c2c, type: 3}
      propertyPath: m_LocalEulerAnglesHint.z
      value: 0
      objectReference: {fileID: 0}
    m_RemovedComponents: []
    m_RemovedGameObjects: []
    m_AddedGameObjects: []
    m_AddedComponents: []
  m_SourcePrefab: {fileID: 100100000, guid: 9cf89341e8fb20e4486bcf66d95a1c2c, type: 3}
--- !u!114 &6524981016955337565
MonoBehaviour:
  m_ObjectHideFlags: 0
  m_CorrespondingSourceObject: {fileID: 0}
  m_PrefabInstance: {fileID: 0}
  m_PrefabAsset: {fileID: 0}
  m_GameObject: {fileID: 650001112604364998}
  m_Enabled: 1
  m_EditorHideFlags: 0
  m_Script: {fileID: 11500000, guid: 86ee1e2d884be594faa01c3a164c767f, type: 3}
  m_Name: 
  m_EditorClassIdentifier: 
  m_player: {fileID: 1788168793}
  m_worldRoot: {fileID: 650001112604364998}
  m_offset: {x: 0, y: 0, z: 0}
--- !u!1660057539 &9223372036854775807
SceneRoots:
  m_ObjectHideFlags: 0
  m_Roots:
  - {fileID: 1796276195}
  - {fileID: 2314196808676301327}
  - {fileID: 266229820}
  - {fileID: 1392788419}
  - {fileID: 4014788064254407567}
  - {fileID: 5180504428616135628}
  - {fileID: 1844023523}
  - {fileID: 1102602487}
  - {fileID: 555526313}
  - {fileID: 1006524675}
